@Article{findlater:2012,
    author ={Findlater, Leah and Wobbrock, Jacob},
    title = "Personalized input: Improving ten-finger touchscreen typing through  automatic. adaptation",
    publisher = {Association for Computing Machinery},    
    booktitle= {Proceedings of the SIGCHI Conference on Human Factors in Computing Systems},
    year = {2012},
    pages = {815–824},
    doi = {https://doi.org/10.1145/2207676.2208520}
}

@inproceedings{kuno:2013,
    author = "Yuki Kuno and Buntarou Shizuki and Jiro Tanaka",
    title = "Long-term study of a software keyboard that places keys at positions of fingers and their surroundings",
    booktitle = "Human-Computer Interaction",
    series = "Lecture Notes in Computer Science (including subseries Lecture Notes in Artificial Intelligence and Lecture Notes in Bioinformatics)",
    year = "2013",
    isbn = "9783642393419",
    number = "PART 5",
    pages = "72--81",
    edition = "PART 5",
    doi = "10.1007/978-3-642-39342-6_9"
}

@Article{li:2015,
    author = {Jingtian, Li and Choi, Young Mi},
    title = {Comparing and Exploring New Text Entry and Edit Methods for Smart TV},
    journal = {Stephanidis, C. (eds) HCI International 2015 - Posters’ Extended Abstracts. HCI 2015. Communications in Computer and Information Science},
    volume = {529},
    year = 2015,
    doi = {https://doi.org/10.1007/978-3-319-21383-5_115}
}

@Article{Mackenzie:2015,
    author = {Scott, MacKenzie and Shawn, X. Zhang},
    title = {An empirical investigation of the novice experience with soft keyboards},
    journal = {Behaviour & Information Technology},
    volume = "20:6",
    pages = "411-418",
    year = "2001",
    doi = {https://doi.org/10.1080/01449290110089561}
}

@Article{mazuryk:1999,
    author = {Mazuryk, Tomasz and Gervautz, Michael},
    title = {Virtual Reality - History, Applications, Technology and Future},
    year = {1999},
    month = {12}
}

@Article{taveria:2009,
    author = {Alvaro D. Taveira and Sang D. Choi},
    title = {Review Study of Computer Input Devices and Older Users},
    journal = {International Journal of Human–Computer Interaction},
    publisher = {Taylor & Francis},
    volume = {25},
    number = {5},
    pages = {455-474},
    year  = {2009},
    doi = "https://doi.org/10.1080/10447310902865040"
}

@Article{topal:2012,
    author = {Topal, Cihan and Benligiray, Burak and Akinlar, Cuneyt},
    title = {On the efficiency issues of virtual keyboard design},
    year = {2012},
    pages = {38-42},
    isbn = {978-1-4577-1758-1},
    doi = {https://doi.org/10.1109/VECIMS.2012.6273205}
}

@Article{choi:2016, 
    author = {Choi, Young Mi and Li, Jingtian}, 
    title = {Usability Evaluation of a New Text Input Method for Smart TVs}, 
    year = {2016},
    publisher = {Usability Professionals' Association}, 
    journal = {J. Usability Studies},
    volume = {11}, 
    number = {3}, 
    issn = {1931-3357},
    pages = {110–123},
    doi = "https://uxpajournal.org/wp-content/uploads/sites/7/pdf/JUS_Choi_May2016.pdf"
}

@ARTICLE{Zhai:2002,
    author = {Zhai, Shumin and Hunter, Michael and Smith, Barton},
    title = {Performance Optimization of Virtual Keyboards},
    journal = {Human-computer Interaction},
    year = {2002},
    pages = {229-269},
    volume = {17},
    doi = {10.1207/S15327051HCI172&3_4}
}

@INPROCEEDINGS{19,
  author={Lim, Youngjae and Park, Jaekyu and Jung, Eui S. and Chung, David Ho and Kim, Taeil and Choi, Kwangsoo and Lee, Seunghun},
  booktitle={2012 9th International Conference on Ubiquitous Intelligence and Computing and 9th International Conference on Autonomic and Trusted Computing}, 
  title={Comparative Study on Advanced TV Interface Types in the Smart Media World}, 
  year={2012},
  pages={342-348},
  doi={10.1109/UIC-ATC.2012.61}
}

@INPROCEEDINGS{14,
key = {eye-tracking},
  author={Perez, C.A. and Pena, C.P. and Holzmann, C.A. and Held, C.M.},
  booktitle={Proceedings of the Second Joint 24th Annual Conference and the Annual Fall Meeting of the Biomedical Engineering Society] [Engineering in Medicine and Biology}, 
  title={Design of a virtual keyboard based on iris tracking}, 
  year={2002},
  volume={3},
  pages={2428-2429 vol.3},
  doi={10.1109/IEMBS.2002.1053358}
}

@INPROCEEDINGS{16,
  author={Chen, Chun-Ching and Lin, Yi-Sin},
  booktitle={2018 IEEE International Conference on Applied System Invention (ICASI)}, 
  title={Study on the interactive interface design of gaze input smart TV}, 
  year={2018},
  pages={196-199},
  doi={10.1109/ICASI.2018.8394566}
}

@article{11,
author = {Shih-Wei Yang and Chern-Sheng Lin and Shir-Kuan Lin and Chi-Hung Lee},
title = {Design of virtual keyboard using blink control method for the severely disabled},
journal = {Computer Methods and Programs in Biomedicine},
volume = {111},
number = {2},
pages = {410-418},
year = {2013},
issn = {0169-2607},
doi = {https://doi.org/10.1016/j.cmpb.2013.04.012}
}

@ARTICLE{12,
  author={Meena, Yogesh Kumar and Cecotti, Hubert and Wong-Lin, Kongfatt and Dutta, Ashish and Prasad, Girijesh},
  journal={IEEE Transactions on Neural Systems and Rehabilitation Engineering}, 
  title={Toward Optimization of Gaze-Controlled Human–Computer Interaction: Application to Hindi Virtual Keyboard for Stroke Patients}, 
  year={2018},
  volume={26},
  number={4},
  pages={911-922},
  doi={10.1109/TNSRE.2018.2814826}
}

@ARTICLE{18,
  author={Costa Daniel, Duarte, Carlos},
  journal={Multimedia Tools and Applications}, 
  title={Alternative modalities for visually impaired users to control smart TVs}, 
  year={2020},
  volume={79},
  pages={31931–31955 },
  doi={https://doi.org/10.1007/s11042-020-09656-1}
}

@inproceedings{26,
author = {Polacek, Ondrej and Mikovec, Zdenek},
year = {2012},
month = {02},
pages = {862-869},
title = {Predictive Scanning Keyboard Operated by Hissing},
journal = {Proceedings of the IASTED International Conference on Assistive Technologies, AT 2012},
doi = {10.2316/P.2012.766-002}
}

@article{28,
author = {Aurora Barrero and David Melendi and Xabiel G. Pañeda and Roberto García and Laura Pozueco},
title = {Evaluation of Text Entry Methods for Interactive Digital Television Applications with Devices Alternative to Conventional Remote Controls},
journal = {International Journal of Human–Computer Interaction},
volume = {32},
number = {10},
pages = {765-776},
year  = {2016},
publisher = {Taylor & Francis},
doi = {10.1080/10447318.2016.1195586}
}

@InProceedings{9,
author="Li, Jingtian
and Choi, Young Mi",
editor="Stephanidis, Constantine",
title="Comparing and Exploring New Text Entry and Edit Methods for Smart TV",
booktitle="HCI International 2015 - Posters' Extended Abstracts",
year="2015",
publisher="Springer International Publishing",
pages="680--683",
Doi = {https://doi.org/10.1007/978-3-319-21383-5_115}
}

@INPROCEEDINGS{13,
  author={Gelormini, Derek and Bishop, Benjamin},
  booktitle={2013 IEEE International Conference on Multimedia and Expo Workshops (ICMEW)}, 
  title={Optimizing the android virtual keyboard: A study of user experience}, 
  year={2013},
  pages={1-4},
  doi={10.1109/ICMEW.2013.6618310}
}

@INPROCEEDINGS{15,
  author={Dudley, John and Benko, Hrvoje and Wigdor, Daniel and Kristensson, Per Ola},
  booktitle={2019 IEEE International Symposium on Mixed and Augmented Reality (ISMAR)}, 
  title={Performance Envelopes of Virtual Keyboard Text Input Strategies in Virtual Reality}, 
  year={2019},
  pages={289-300},
  doi={10.1109/ISMAR.2019.00027}
}

@article{23,
author = {Boletsis, Costas and Kongsvik, Stian},
year = {2019},
month = {10},
title = {Controller-based Text-input Techniques for Virtual Reality: An Empirical Comparison},
volume = {19},
journal = {International Journal of Virtual Reality},
doi = {10.20870/IJVR.2019.19.3.2917}
}

@article{34,
author = {Jeong, Seongwon and Kim, Huhn},
year = {2017},
month = {07},
title = {Appropriate size, spacing, expansion ratio, and location for clickable elements on smart TVs with remote motion control},
volume = {64},
journal = {International Journal of Industrial Ergonomics},
doi = {10.1016/j.ergon.2017.07.002}
}

@INPROCEEDINGS{10,
  author={Soumalya Ghosh and Sayan Sarcar and Kumar Sharma, Manoj and Debasis Samanta},
  booktitle={2010 IEEE Students Technology Symposium (TechSym)}, 
  title={Effective virtual keyboard design with size and space adaptation}, 
  year={2010},
  pages={262-267},
  doi={10.1109/TECHSYM.2010.5469159}
}

@inproceedings{32,
author = {Zhu, Suwen and Luo, Tianyao and Bi, Xiaojun and Zhai, Shumin},
title = {Typing on an Invisible Keyboard},
year = {2018},
isbn = {9781450356206},
publisher = {Association for Computing Machinery},
address = {New York, NY, USA},
url = {https://doi.org/10.1145/3173574.3174013},
doi = {10.1145/3173574.3174013}
}

@INPROCEEDINGS{25,
  author={Kumar Sharma, Manoj and Somnath Dey and Kumar Saha, Pradipta and Debasis Samanta},
  booktitle={2010 IEEE Students Technology Symposium (TechSym)}, 
  title={Parameters effecting the predictive virtual keyboard}, 
  year={2010},
  pages={268-275},
  doi={10.1109/TECHSYM.2010.5469160}}
  
@inproceedings{17,
author = {Hoste, Lode and Signer, Beat},
title = {SpeeG2: A Speech- and Gesture-Based Interface for Efficient Controller-Free Text Input},
year = {2013},
isbn = {9781450321297},
publisher = {Association for Computing Machinery},
address = {New York, NY, USA},
url = {https://doi.org/10.1145/2522848.2522861},
doi = {10.1145/2522848.2522861}}

@inproceedings{21,
author = {Igarashi, Takeo and Hughes, John F.},
title = {Voice as Sound: Using Non-Verbal Voice Input for Interactive Control},
year = {2001},
isbn = {158113438X},
publisher = {Association for Computing Machinery},
address = {New York, NY, USA},
url = {https://doi.org/10.1145/502348.502372},
doi = {10.1145/502348.502372}}

@article{22,
author = {Doug A. Bowman and Christopher J. Rhoton and Marcio S. Pinho},
title ={Text Input Techniques for Immersive Virtual Environments: An Empirical Comparison},
journal = {Proceedings of the Human Factors and Ergonomics Society Annual Meeting},
volume = {46},
number = {26},
pages = {2154-2158},
year = {2002},
doi = {10.1177/154193120204602611}}

@article{33,
author = {Yang, Zhican and Yu, Chun and Yi, Xin and Shi, Yuanchun},
title = {Investigating Gesture Typing for Indirect Touch},
year = {2019},
issue_date = {September 2019},
publisher = {Association for Computing Machinery},
address = {New York, NY, USA},
volume = {3},
number = {3},
url = {https://doi.org/10.1145/3351275},
doi = {10.1145/3351275}}

@article{20,
author = {Yang-Keun Ahn, Kwang-Soon Choi, Young-Choong Park},
title = {The Text Input System Using Spatial Finger Touch Method},
year = {2016},
publisher = { International Journal of Communications},
volume = {1},
pages = {210-215},
url = {https://doi.org/10.1145/3351275},
doi = {10.1145/3351275}}

@INPROCEEDINGS{39,
  author={Nguyen, Minh Q. and Flores-Nigaglioni, Anthony and Li, Changzhi},
  booktitle={2018 IEEE MTT-S International Wireless Symposium}, 
  title={Range-gating technology for millimeter-wave radar remote gesture control in IoT applications}, 
  year={2018},
  pages={1-4},
  doi={10.1109/IEEE-IWS.2018.8400811}}
  
 
@article{27,
author = {Aurora Barrero and David Melendi and Xabiel G. Pañeda and Roberto García and Sergio Cabrero},
title = {An Empirical Investigation Into Text Input Methods for Interactive Digital Television Applications},
journal = {International Journal of Human–Computer Interaction},
volume = {30},
number = {4},
pages = {321-341},
year  = {2014},
publisher = {Taylor & Francis},
doi = {10.1080/10447318.2013.858461}}